@article{Neylon2012,
author = {Neylon, Cameron},
title = {{Science publishing: Open access must enable open use}},
journal = {Nature},
year = {2012},
volume = {492},
number = {7429},
pages = {348--349},
month = dec,
annote = {10.1038/492348a 10.1038/492348a

10.1038/492348a

10.1038/492348a

}
}

